@article{abiantoun2007,
author=Abi-Antoun M, J Aldrich, and W Coelho,
title=A Case Study in Re-engineering to Enforce Architectural Control Flow and Data Sharing,
journal=Journal of Systems and Software, 80(2):240-264, 
date=February 2007
}

Abi-Antoun M, J Aldrich, N Nahas, B Schmerl, and D Garlan. Differencing and Merging of Architectural Views. In Automated Software Engineering Journal, 15(1):35-74, 2008. 

Abi-Antoun M and J Aldrich. A Field Study in Static Extraction of Runtime Architectures. In Proceedings of the Workshop on Program Analysis for Software Tools and Engineering (PASTE'08), November 2008. 

Abi-Antoun M and J Aldrich. Static Extraction and Conformance Analysis of Hierarchical Runtime Architectural Structure using Annotations. In Proceedings of the Conference on Object-Oriented Programming, Systems, Languages, and Applications (OOPSLA '09), 2009. 

Aldrich J.  The ArchJava Compiler.  Available at http://www.archjava.org/. 

Aldrich J.  The SASyLF Theorem Prover.  Available at http://www.sasylf.org/. 

Bachmann F, L Bass, P Clements, D Garlan, J Ivers (2008) Documenting Software Architecture: Documenting Interfaces, Carnegie-Mellon Univ Software Engineering Institute,

Beck K (2002) Test Driven Development: By Example, Addison-Wesley Professional.

Beckman N, K Bierhoff, and J Aldrich. Verifying Correct Usage of Atomic Blocks and Typestate. In Proceedings of the Conference on Object-Oriented Programming, Systems, Languages, and Applications (OOPSLA '08), Nashville, TN, USA, October 2008. 

Bierhoff K and J Aldrich. Modular Typestate Checking of Aliased Objects. In Object-Oriented Programming Systems, Languages, and Applications (OOPSLA '07), October 2007. 

Bierhoff K and N Beckman.  The Plural Analysis Tool.  Available at http://code.google.com/p/pluralism/. 

Bierhoff K, NE Beckman, and J Aldrich.  Practical API Protocol Checking with Access Permissions. In Proceedings of the European Conference on Object Oriented Programming (ECOOP '09), July 2009. 

Jaspan C and J Aldrich. Checking Framework Interactions with Relationships. In Proceedings of the European Conference on Object Oriented Programming (ECOOP '09), July 2009. 

Jaspan C, K Bierhoff, N Beckman, and T LaToza.  The Crystal Static Analysis Framework.  Available at http://code.google.com/p/crystalsaf/. 

Jorgenson P (2008) Software Testing: A Craftsman's Approach, Auerbach Publications. 
Kriegsekorte N, M Mur, P Bandettini. Representational similarity analysis - connecting the branches of systems neuroscience. Front Syst Neurosci. 2008;2:4. 

Naden K, R Bocchino, K Bierhoff, J Aldrich. A Type System for Borrowing Permissions. Proceedings of Principles of Programming Languages (POPL '12), 2012. 

Nguyen-Hoan, L, S Flint, R Sankaranarayana (2010) A survey of scientific software development. Proceedings of the 2010 ACM-IEEE International Symposium on Empirical Software Engineering and Measurement, page 12.

Sunshine J, K Naden, S Stork, J Aldrich, and É Tanter. “First-Class State Change in Plaid”. Proceedings of Object-Oriented Programming, Systems, Languages, and Applications (OOPSLA '11), 2011

