@misc{python_url,
  howpublished = "\url{http://www.python.org/}",
}

@misc{r_url,
  howpublished = "\url{http://www.r-project.org/}",
}

@misc{matlab_url,
  howpublished = "\url{http://www.mathworks.com/products/matlab/}",
}

@misc{neuroelectro_url,
  howpublished = "\url{http://www.neuroelectro.org/}",
}

@misc{osb_url,
  howpublished = "\url{http://www.opensourcebrain.org}",
}

@misc{osb_ca1_url,
  howpublished = "\url{http://opensourcebrain.org/projects/ca1pyramidalcell}",
}

@misc{crcns_url,
  howpublished = "\url{http://www.crcns.org/}",
}

@misc{sage_url,
  howpublished = "\url{http://www.sagemath.org/}",
}

@misc{neuron_url,
  howpublished = "\url{http://www.neuron.yale.edu/neuron}",
}

@misc{neuroconstruct_url,
  howpublished = "\url{http://www.neuroconstruct.org}",
}

@misc{sagenb_url,
  howpublished = "\url{www.sagenb.org}",
}

@misc{scidash_url,
  howpublished = "\url{http://www.scidash.org}",
}

@misc{sciunit_url,
  howpublished = "\url{http://github.com/cyrus-/sciunit}",
}

@misc{neurounit_url,
  howpublished = "\url{http://github.com/rgerkin/neurounit}",
}

@misc{django_url,
  howpublished = "\url{http://www.djangoproject.com}",
}

@misc{github_url,
  howpublished = "\url{http://www.neuron.yale.edu/neuron}",
}

@misc{neuroml_url,
  howpublished = "\url{http://neuroml.org}",
}

@misc{dream_url,
  howpublished = "\url{http://www.the-dream-project.org/}",
}

@misc{diadem_url,
  howpublished = "\url{http://www.diademchallenge.org}",
}

@misc{kaggle_url,
  howpublished = "\url{http://www.kaggle.com}",
}

@misc{modeldb_url,
  howpublished = "\url{http://senselab.med.yale.edu/modeldb}",
}

@misc{neuroconstruct_rgerkin_url,
  howpublished = "\url{http://github.com/rgerkin/neuroConstruct}",
}

@misc{neuralensemble_url,
  howpublished = "\url{http://neuralensemble.org}",
}

@misc{neuroelectro_dev_url,
  howpublished = "\url{http://bitbucket.org/rgerkin/neuroelectro_org}",
}

@misc{nibabel_url,
  howpublished = "\url{http://nipy.org/nibabel}",
}

@misc{neurohdf_url,
  howpublished = "\url{http://neurohdf.readthedocs.org}",
}

@misc{sedml_url,
  howpublished = "\url{http://sed-ml.org/}",
}

